<?xml version="1.0" encoding="UTF-8"?><collection xmlns="http://www.loc.gov/MARC21/slim"><record><leader>00295nam--2200121-i-4500</leader><controlfield tag="001">000043962</controlfield><controlfield tag="002">20161230</controlfield><controlfield tag="005">20161230201044</controlfield><controlfield tag="008">060222s1000------------r-----000-0-eng-d</controlfield><datafield ind1=" " ind2=" " tag="245"><subfield code="a">Technical editing</subfield></datafield><datafield ind1=" " ind2=" " tag="260"><subfield code="a">New York, Reinhold Publ.Corp.,1958. Xiii + 278 P</subfield></datafield><datafield ind1=" " ind2=" " tag="700"><subfield code="a">B.H.Weil</subfield></datafield><datafield ind1=" " ind2=" " tag="852"><subfield code="a">16203</subfield></datafield></record></collection>